%% This BibTeX bibliography file was created using BibDesk.
%% http://bibdesk.sourceforge.net/


%% Created for 内藤峻 at 2014-08-27 14:44:02 +0900 


%% Saved with string encoding Unicode (UTF-8) 



@article{Elucignage,
	Author = {松下光範，加藤恒昭},
	Date-Added = {2014-08-27 05:30:21 +0000},
	Date-Modified = {2014-08-27 05:36:24 +0000},
	Journal = {動向情報の要約と可視化に関するワークショップ第二回成果進捗報告会予稿集},
	Pages = {17-18},
	Title = {Elucignage: 探索的データ分析のための動向情報可視化インタフェース},
	Year = {2007},
	Bdsk-File-1 = {YnBsaXN0MDDUAQIDBAUGJCVYJHZlcnNpb25YJG9iamVjdHNZJGFyY2hpdmVyVCR0b3ASAAGGoKgHCBMUFRYaIVUkbnVsbNMJCgsMDxJXTlMua2V5c1pOUy5vYmplY3RzViRjbGFzc6INDoACgAOiEBGABIAFgAdccmVsYXRpdmVQYXRoWWFsaWFzRGF0YW8QZwAuAC4ALwAuAC4ALwBEAG8AYwB1AG0AZQBuAHQAcwAvAEsAYQBuAHMAYQBpAFUAbgBpAHYAZQByAHMAaQB0AHkALwBNAGEAdABzAHUAcwBoAGkAdABhAGwAYQBiAC+K1mWHAC8ARQBsAHUAYwBpAGcAbgBhAGcAZQAvAEUAbAB1AGMAaQBnAG4AYQBnAGUAX2OifSJ2hDDGMJkw/DC/UgZnkDBuMF8wgTBuUtVUEWDFWDFT74mWUxYwpDDzML8w1TCnMPwwuQAuAHAAZABm0hcLGBlXTlMuZGF0YU8RApQAAAAAApQAAgAADE1hY2ludG9zaCBIRAAAAAAAAAAAAAAAAAAAAM3Jd7pIKwAAALI0CR5FbHVjaWduYWdlX5JUjfWTSYNmI0IyMzUwOS5wZGYAAAAAAAAAAAAAAAAAAAAAAAAAAAAAAAAAAAAAAAAAAAAAsjUJz+Rp8gAAAAAAAAAAAAIABgAACSAAAAAAAAAAAAAAAAAAAAAKRWx1Y2lnbmFnZQAQAAgAAM3I+SoAAAARAAgAAM/j62IAAAABABwAsjQJAGaW7gBmhCEAZn7wAAXA3AAFwNsAAhIpAAIAe01hY2ludG9zaCBIRDpVc2VyczoAU2h1bk5haXRvOgBEb2N1bWVudHM6AEthbnNhaVVuaXZlcnNpdHk6AE1hdHN1c2hpdGFsYWI6AJhflbY6AEVsdWNpZ25hZ2U6AEVsdWNpZ25hZ2VfklSN9ZNJg2YjQjIzNTA5LnBkZgAADgBWACoARQBsAHUAYwBpAGcAbgBhAGcAZQBfY6J9InaEMMYwmTD8ML9SBmeQMG4wXzCBMG5S1VQRYMVYMVPviZZTFjCkMPMwvzDVMKcw/DC5AC4AcABkAGYADwAaAAwATQBhAGMAaQBuAHQAbwBzAGgAIABIAEQAEgCrVXNlcnMvU2h1bk5haXRvL0RvY3VtZW50cy9LYW5zYWlVbml2ZXJzaXR5L01hdHN1c2hpdGFsYWIv6KuW5paHL0VsdWNpZ25hZ2UvRWx1Y2lnbmFnZV/mjqLntKLnmoTjg4bjgpnjg7zjgr/liIbmnpDjga7jgZ/jgoHjga7li5XlkJHmg4XloLHlj6/oppbljJbjgqTjg7Pjgr/jg5Xjgqfjg7zjgrkucGRmAAATAAEvAAAVAAIAEP//AACABtIbHB0eWiRjbGFzc25hbWVYJGNsYXNzZXNdTlNNdXRhYmxlRGF0YaMdHyBWTlNEYXRhWE5TT2JqZWN00hscIiNcTlNEaWN0aW9uYXJ5oiIgXxAPTlNLZXllZEFyY2hpdmVy0SYnVHJvb3SAAQAIABEAGgAjAC0AMgA3AEAARgBNAFUAYABnAGoAbABuAHEAcwB1AHcAhACOAV8BZAFsBAQEBgQLBBYEHwQtBDEEOARBBEYEUwRWBGgEawRwAAAAAAAAAgEAAAAAAAAAKAAAAAAAAAAAAAAAAAAABHI=}}

@article{Elucignage-jsai,
	Abstract = {ネットワーク上には多様な形式の情報が豊富に存在しており、それらを利用者の意図に応じて活用する技術が求められている。このような要求に応える技術の一つとして、我々は言語情報と数値情報の相補的な利用に関する研究を行っている。その一環として、本稿では言語情報と数値情報が密接な関係を持つ動向情報に着目しそれらを統一的な枠組で可視化する手法を提案する。株価などの統計情報の場合、その正確な値を知るには数値情報が適切であるのに対して、変動の大局的な理解や背景となる事象の把握には言語情報が適している。そこで、これらを一つのグラフ上に提示し、その情報ソースに対話的にアクセスできるようにした。},
	Author = {松下光範，加藤恒昭},
	Date-Added = {2014-08-27 02:58:14 +0000},
	Date-Modified = {2014-08-27 05:29:42 +0000},
	Journal = {2007年度人工知能学会全国大会, 3H8-3},
	Title = {言語情報と数値情報の相補的利用を目指した可視化手法},
	Year = {2007},
	Bdsk-File-1 = {YnBsaXN0MDDUAQIDBAUGJCVYJHZlcnNpb25YJG9iamVjdHNZJGFyY2hpdmVyVCR0b3ASAAGGoKgHCBMUFRYaIVUkbnVsbNMJCgsMDxJXTlMua2V5c1pOUy5vYmplY3RzViRjbGFzc6INDoACgAOiEBGABIAFgAdccmVsYXRpdmVQYXRoWWFsaWFzRGF0YW8QWgAuAC4ALwAuAC4ALwBEAG8AYwB1AG0AZQBuAHQAcwAvAEsAYQBuAHMAYQBpAFUAbgBpAHYAZQByAHMAaQB0AHkALwBNAGEAdABzAHUAcwBoAGkAdABhAGwAYQBiAC+K1mWHAC8ARQBsAHUAYwBpAGcAbgBhAGcAZQAvigCKnmDFWDEwaGVwUCRgxVgxMG52+IjcdoRSKXUoMJJ27mMHMFcwX1PviZZTFmJLbNUALgBwAGQAZtIXCxgZV05TLmRhdGFPEQJoAAAAAAJoAAIAAAxNYWNpbnRvc2ggSEQAAAAAAAAAAAAAAAAAAADNyXe6SCsAAACyNAkfjL6M6o/ulfGCxpCUkmyP7pXxgswjOTM5QjM5LnBkZgAAAAAAAAAAAAAAAAAAAAAAAAAAAAAAAAAAAAAAAAAAAJObOc+hT8AAAAAAAAAAAAACAAYAAAkgAAAAAAAAAAAAAAAAAAAACkVsdWNpZ25hZ2UAEAAIAADNyPkqAAAAEQAIAADPoNEwAAAAAQAcALI0CQBmlu4AZoQhAGZ+8AAFwNwABcDbAAISKQACAHxNYWNpbnRvc2ggSEQ6VXNlcnM6AFNodW5OYWl0bzoARG9jdW1lbnRzOgBLYW5zYWlVbml2ZXJzaXR5OgBNYXRzdXNoaXRhbGFiOgCYX5W2OgBFbHVjaWduYWdlOgCMvozqj+6V8YLGkJSSbI/ulfGCzCM5MzlCMzkucGRmAA4APAAdigCKnmDFWDEwaGVwUCRgxVgxMG52+IjcdoRSKXUoMJJ27mMHMFcwX1PviZZTFmJLbNUALgBwAGQAZgAPABoADABNAGEAYwBpAG4AdABvAHMAaAAgAEgARAASAJpVc2Vycy9TaHVuTmFpdG8vRG9jdW1lbnRzL0thbnNhaVVuaXZlcnNpdHkvTWF0c3VzaGl0YWxhYi/oq5bmlocvRWx1Y2lnbmFnZS/oqIDoqp7mg4XloLHjgajmlbDlgKTmg4XloLHjga7nm7joo5znmoTliKnnlKjjgpLnm67mjIfjgZfjgZ/lj6/oppbljJbmiYvms5UucGRmABMAAS8AABUAAgAQ//8AAIAG0hscHR5aJGNsYXNzbmFtZVgkY2xhc3Nlc11OU011dGFibGVEYXRhox0fIFZOU0RhdGFYTlNPYmplY3TSGxwiI1xOU0RpY3Rpb25hcnmiIiBfEA9OU0tleWVkQXJjaGl2ZXLRJidUcm9vdIABAAgAEQAaACMALQAyADcAQABGAE0AVQBgAGcAagBsAG4AcQBzAHUAdwCEAI4BRQFKAVIDvgPAA8UD0APZA+cD6wPyA/sEAAQNBBAEIgQlBCoAAAAAAAACAQAAAAAAAAAoAAAAAAAAAAAAAAAAAAAELA==}}
